@inproceedings{brugge2021convergence,
  title={On the convergence of the {M}etropolis algorithm with fixed-order updates for multivariate binary probability distributions},
  author={Br{\"u}gge, Kai and Fischer, Asja and Igel, Christian},
  booktitle={International Conference on Artificial Intelligence and Statistics},
  pages={469--477},
  year={2021},
  organization={PMLR}
}

@incollection{assaad2008world,
  title={World-line and determinantal quantum Monte Carlo methods for spins, phonons and electrons},
  author={Assaad, FF and Evertz, HG},
  booktitle={Computational Many-Particle Physics},
  pages={277--356},
  year={2008},
  publisher={Springer}
}

@article{binder1993monte,
  title={Monte Carlo simulation in statistical physics},
  author={Binder, Kurt and Heermann, Dieter and Roelofs, Lyle and Mallinckrodt, A John and McKay, Susan},
  journal={Computers in Physics},
  volume={7},
  number={2},
  pages={156--157},
  year={1993},
  publisher={American Institute of Physics}
}

@book{landau2021guide,
  title={A guide to Monte Carlo simulations in statistical physics},
  author={Landau, David and Binder, Kurt},
  year={2021},
  publisher={Cambridge university press}
}

@article{manousiouthakis1999strict,
  title={Strict detailed balance is unnecessary in Monte Carlo simulation},
  author={Manousiouthakis, Vasilios I and Deem, Michael W},
  journal={The Journal of chemical physics},
  volume={110},
  number={6},
  pages={2753--2756},
  year={1999},
  publisher={American Institute of Physics}
}